@book{schultz2008handbook,
  title={Handbook of development economics},
  author={Schultz, T Paul and Strauss, John},
  volume={4},
  year={2008},
  publisher={Elsevier}
}

@article{tangwe2013impact,
	Author = {Pius Tanga Tangwe and Priscilla Gutura},
	Journal = {Mediterranean Journal of Social Sciences},
	Number = {13},
	Pages = {627},
	Title = {The Impact of the Old Age Grant on Rural Households in Nkonkobe Municipality in the Eastern Cape Province of South Africa},
	Volume = {4},
	Year = {2013}}

@article{abel2013unintended,
	Author = {Martin Abel},
	Publisher = {Southern Africa Labour and Development Research Unit},
	Title = {Unintended labour supply effects of cash transfer programmes: Evidence from South Africa's old age pension},
	Year = {2013}}

@article{thomas1994like,
	Author = {Duncan Thomas},
	Journal = {Journal of Human Resources},
	Pages = {950--988},
	Publisher = {JSTOR},
	Title = {Like father, like son; like mother, like daughter: Parental resources and child height},
	Year = {1994}}

@article{thomas1997incomes,
	title={Incomes, expenditures, and health outcomes: Evidence on intrahousehold resource allocation},
	author={Thomas, Duncan},
	journal={Intrahousehold resource allocation in developing countries},
	pages={142--64},
	year={1997},
	publisher={Citeseer}}

@book{haddad1997intrahousehold,
	Author = {Haddad, Lawrence and Hoddinott, John and Alderman, Harold and others},
	Publisher = {Johns Hopkins University Press},
	Title = {Intrahousehold resource allocation in developing countries: models, methods, and policy.},
	Year = {1997}}

@article{schultz2000impact,
	Author = {Paul Schultz},
	Journal = {Washington: International Food Policy Research Institute},
	Title = {The Impact of Progresa on School Enrollments: Final Report},
	Year = {2000}}

@article{case1998large,
	Author = {Anne Case and Angus Deaton},
	Journal = {The Economic Journal},
	Number = {450},
	Pages = {1330--1361},
	Publisher = {Wiley Online Library},
	Title = {Large cash transfers to the elderly in South Africa},
	Volume = {108},
	Year = {1998}}

@article{deaton2009food,
	title={Food and nutrition in India: facts and interpretations},
	author={Deaton, Angus and Dr{\`e}ze, Jean},
	journal={Economic and political weekly},
	pages={42--65},
	year={2009},
	publisher={JSTOR}}

@article{lund1993state,
	Author = {Frances Lund},
	Journal = {International Social Security Review},
	Number = {1},
	Pages = {5--25},
	Publisher = {Wiley Online Library},
	Title = {State social benefits in South Africa},
	Volume = {46},
	Year = {1993}}

@article{lundberg1997husbands,
	Author = {Shelly J Lundberg and Robert A Pollak and Terence J Wales},
	Journal = {Journal of Human Resources},
	Number = {3},
	Publisher = {University of Wisconsin Press},
	Title = {Do husbands and wives pool their resources? Evidence from the United Kingdom child benefit},
	Volume = {32},
	Year = {1997}}

@article{wickham2014tidy,
	author = {Hadley Wickham},
	title = {Tidy Data},
	journal = {Journal of Statistical Software},
	volume = {59},
	number = {1},
	year = {2014},
	pages = {1--23},
	doi = {10.18637/jss.v059.i10},
	url = {http://www.jstatsoft.org/index.php/jss/article/view/v059i10}}

@article{udry1995gender,
	Author = {Christopher Udry and Hoddinott, John and Alderman, Harold and Haddad, Lawrence},
	Journal = {Food policy},
	Number = {5},
	Pages = {407--423},
	Publisher = {Elsevier},
	Title = {Gender differentials in farm productivity: Implications for household efficiency and agricultural policy},
	Volume = {20},
	Year = {1995}}

@article{udry1996gender,
	Author = {Christopher Udry},
	Journal = {Journal of Political Economy},
	Pages = {1010--1046},
	Publisher = {JSTOR},
	Title = {Gender, agricultural production, and the theory of the household},
	Year = {1996}}

@article{duflo2000child,
	Author = {Esther Duflo},
	Journal = {The American Economic Review},
	Number = {2},
	Pages = {393-398},
	Title = {Child health and household resources in South Africa: Evidence from the Old Age Pension program},
	Url = {http://www.jstor.org/discover/10.2307/117257},
	Volume = {90},
	Year = {2000}}

@article{duflo2003grandmothers,
	Author = {Esther Duflo},
	Doi = {10.1093/wber/lhg013},
	Journal = {The World Bank Economic Review},
	Number = {1},
	Pages = {1-25},
	Title = {Grandmothers and Granddaughters: Old-Age Pensions and Intrahousehold Allocation in South Africa},
	Volume = {17},
	Year = {2003}}

@techreport{duflo2004intrahousehold,
	Author = {Esther Duflo and Christopher Udry},
	Institution = {National Bureau of Economic Research},
	Title = {Intrahousehold resource allocation in Cote d'Ivoire: Social norms, separate accounts and consumption choices},
	Year = {2004}}

@manual{saldru2008nids,
	Author = {{Southern Africa Labour and Development Research Unit}},
	Title = {{National Income Dynamics Study, Wave 1}},
	Url = {http://www.nids.uct.ac.za/home/},
	Version = {5.1},
	Year = {2008}}

@manual{saldru2012nids,
	Author = {{Southern Africa Labour and Development Research Unit}},
	Title = {{National Income Dynamics Study, Wave 2}},
	Url = {http://www.nids.uct.ac.za/home/},
	Version = {2.1},
	Year = {2012}}

@manual{saldru2013nids,
	Author = {{Southern Africa Labour and Development Research Unit}},
	Title = {{National Income Dynamics Study, Wave 3}},
	Url = {http://www.nids.uct.ac.za/home/},
	Version = {1.1},
	Year = {2013}}

@manual{who2006child,
	Author = {Mercedes de Onis and others},
	Publisher = {World Health Organization},
	Title = {WHO Child Growth Standards: Length/height-for-age, weight-for-age, weight-for-length, weight-for-height and body mass index-for-age: Methods and development},
	Url = {http://www.who.int/childgrowth},
	Year = {2006}}

@manual{nchs2000cdc,
	Author = {RJ Kuczmarski and others},
	Journal = {Advanced data from vital and health statistics},
	Number = {314},
	Pages = {1-28},
	Title = {CDC growth Charts: United States},
	Url = {http://www.cdc.gov/growthcharts/reports.htm},
	Volume = {17},
	Year = {2000}}

@article{bertrand2004much,
	Author = {Bertrand, Marianne and Duflo, Esther and Mullainathan, Sendhil},
	Journal = {The Quarterly Journal of Economics},
	Number = {1},
	Pages = {249--275},
	Publisher = {Oxford University Press},
	Title = {How much should we trust differences-in-differences estimates?},
	Volume = {119},
	Year = {2004}}



@manual{R,
	Address = {Vienna, Austria},
	Author = {{R Core Team}},
	Organization = {R Foundation for Statistical Computing},
	Title = {R: A Language and Environment for Statistical Computing},
	Url = {http://www.R-project.org/},
	Year = {2016}}

@Manual{wickham2015dplyr,
	title = {dplyr: A Grammar of Data Manipulation},
	author = {Hadley Wickham and Romain Francois},
	year = {2015},
	note = {R package version 0.4.3},
	url = {https://CRAN.R-project.org/package=dplyr}}

@Manual{wickham2016tidyr,
	title = {tidyr: Easily Tidy Data with `spread()` and `gather()` Functions},
	author = {Hadley Wickham},
	year = {2016},
	note = {R package version 0.4.1},
	url = {https://CRAN.R-project.org/package=tidyr}}

@article{croissant2008panel,
	Author = {Yves Croissant and Giovanni Millo and others},
	Journal = {Journal of Statistical Software},
	Number = {2},
	Pages = {1--43},
	Title = {Panel data econometrics in R: The plm package},
	Volume = {27},
	url = {http://CRAN.R-project.org/package=plm},
	Year = {2008}}

@article{croissant2013pglm,
	title={pglm: Panel Generalized Linear Model},
	author={Yves Croissant},
	journal={R package version 0.1-2},
	url = {http://CRAN.R-project.org/package=pglm},
	year={2013}}

@book{venables2013modern,
	title={Modern applied statistics with S-PLUS},
	author={William N Venables and Brain D. Ripley},
	year={2013},
	publisher={Springer Science \& Business Media}}
